<?xml version="1.0" encoding="UTF-8"?><collection xmlns="http://www.loc.gov/MARC21/slim"><record><leader>00336nam--2200133-i-4500</leader><controlfield tag="001">000049376</controlfield><controlfield tag="002">20161230</controlfield><controlfield tag="005">20161230201047</controlfield><controlfield tag="008">060222s1000------------r-----000-0-eng-d</controlfield><datafield ind1=" " ind2=" " tag="080"><subfield code="a">550.34</subfield></datafield><datafield ind1=" " ind2=" " tag="100"><subfield code="a">Alekseev,A.S</subfield></datafield><datafield ind1=" " ind2=" " tag="245"><subfield code="a">Chislennye metody v seismicheskih issledovaniiah</subfield></datafield><datafield ind1=" " ind2=" " tag="260"><subfield code="a">Novosibirsk, Nauka, 1983. 241 S</subfield></datafield><datafield ind1=" " ind2=" " tag="852"><subfield code="a">71570</subfield></datafield></record></collection>